@inproceedings{inproceedings,
author = {Rahimian, Pooya and Kearney, Joseph},
year = {2015},
month = {11},
pages = {129-138},
title = {Optimal camera placement for motion capture systems in the presence of dynamic occlusion},
doi = {10.1145/2821592.2821596}
}